%YAML 1.1
%TAG !u! tag:unity3d.com,2011:
--- !u!1 &4478933260990249585
GameObject:
  m_ObjectHideFlags: 0
  m_CorrespondingSourceObject: {fileID: 0}
  m_PrefabInstance: {fileID: 0}
  m_PrefabAsset: {fileID: 0}
  serializedVersion: 6
  m_Component:
  - component: {fileID: 4090379387089214577}
  m_Layer: 0
  m_Name: FirePosition
  m_TagString: Untagged
  m_Icon: {fileID: 0}
  m_NavMeshLayer: 0
  m_StaticEditorFlags: 0
  m_IsActive: 1
--- !u!4 &4090379387089214577
Transform:
  m_ObjectHideFlags: 0
  m_CorrespondingSourceObject: {fileID: 0}
  m_PrefabInstance: {fileID: 0}
  m_PrefabAsset: {fileID: 0}
  m_GameObject: {fileID: 4478933260990249585}
  m_LocalRotation: {x: -0.026176924, y: 0, z: 0, w: 0.99965733}
  m_LocalPosition: {x: 0, y: 0.265, z: 3.078}
  m_LocalScale: {x: 1, y: 1, z: 1}
  m_Children:
  - {fileID: 5814085305990516400}
  m_Father: {fileID: 6044057583678324832}
  m_RootOrder: 2
  m_LocalEulerAnglesHint: {x: -3, y: 0, z: 0}
--- !u!1 &6044057583678324833
GameObject:
  m_ObjectHideFlags: 0
  m_CorrespondingSourceObject: {fileID: 0}
  m_PrefabInstance: {fileID: 0}
  m_PrefabAsset: {fileID: 0}
  serializedVersion: 6
  m_Component:
  - component: {fileID: 6044057583678324832}
  - component: {fileID: 4079485812359288527}
  - component: {fileID: 7970182750470133870}
  m_Layer: 0
  m_Name: Turret
  m_TagString: Untagged
  m_Icon: {fileID: 0}
  m_NavMeshLayer: 0
  m_StaticEditorFlags: 0
  m_IsActive: 1
--- !u!4 &6044057583678324832
Transform:
  m_ObjectHideFlags: 0
  m_CorrespondingSourceObject: {fileID: 0}
  m_PrefabInstance: {fileID: 0}
  m_PrefabAsset: {fileID: 0}
  m_GameObject: {fileID: 6044057583678324833}
  m_LocalRotation: {x: 0, y: 0, z: 0, w: 1}
  m_LocalPosition: {x: 0, y: 1.4, z: -0.6}
  m_LocalScale: {x: 1, y: 1, z: 1}
  m_Children:
  - {fileID: 8841130389259330364}
  - {fileID: 1018918692917891349}
  - {fileID: 4090379387089214577}
  m_Father: {fileID: 0}
  m_RootOrder: 0
  m_LocalEulerAnglesHint: {x: 0, y: 0, z: 0}
--- !u!95 &4079485812359288527
Animator:
  serializedVersion: 3
  m_ObjectHideFlags: 0
  m_CorrespondingSourceObject: {fileID: 0}
  m_PrefabInstance: {fileID: 0}
  m_PrefabAsset: {fileID: 0}
  m_GameObject: {fileID: 6044057583678324833}
  m_Enabled: 1
  m_Avatar: {fileID: 0}
  m_Controller: {fileID: 9100000, guid: 4a87a5b8ae0284a4bb2557c0bd1d3d5f, type: 2}
  m_CullingMode: 0
  m_UpdateMode: 0
  m_ApplyRootMotion: 0
  m_LinearVelocityBlending: 0
  m_WarningMessage: 
  m_HasTransformHierarchy: 1
  m_AllowConstantClipSamplingOptimization: 1
  m_KeepAnimatorControllerStateOnDisable: 0
--- !u!114 &7970182750470133870
MonoBehaviour:
  m_ObjectHideFlags: 0
  m_CorrespondingSourceObject: {fileID: 0}
  m_PrefabInstance: {fileID: 0}
  m_PrefabAsset: {fileID: 0}
  m_GameObject: {fileID: 6044057583678324833}
  m_Enabled: 1
  m_EditorHideFlags: 0
  m_Script: {fileID: 11500000, guid: ca356206c8fa33747a0638f406dc654c, type: 3}
  m_Name: 
  m_EditorClassIdentifier: 
  CannonShotPrefab: {fileID: 2465654028755606557, guid: d0596c211ce02044eab767740c483e39,
    type: 3}
  RotationSpeed: 0.1
  ShotForce: 400
  FireRate: 2
  ShotFireVfx: {fileID: 5944344882389953228}
  FirePosition: {fileID: 4090379387089214577}
  Animator: {fileID: 4079485812359288527}
--- !u!1001 &696180364621461246
PrefabInstance:
  m_ObjectHideFlags: 0
  serializedVersion: 2
  m_Modification:
    m_TransformParent: {fileID: 6044057583678324832}
    m_Modifications:
    - target: {fileID: -8679921383154817045, guid: 980e47f895d93594faae5321a9e72294,
        type: 3}
      propertyPath: m_LocalPosition.x
      value: 0
      objectReference: {fileID: 0}
    - target: {fileID: -8679921383154817045, guid: 980e47f895d93594faae5321a9e72294,
        type: 3}
      propertyPath: m_LocalPosition.y
      value: 0.092
      objectReference: {fileID: 0}
    - target: {fileID: -8679921383154817045, guid: 980e47f895d93594faae5321a9e72294,
        type: 3}
      propertyPath: m_LocalPosition.z
      value: -0.105
      objectReference: {fileID: 0}
    - target: {fileID: -8679921383154817045, guid: 980e47f895d93594faae5321a9e72294,
        type: 3}
      propertyPath: m_LocalRotation.x
      value: -0.01745245
      objectReference: {fileID: 0}
    - target: {fileID: -8679921383154817045, guid: 980e47f895d93594faae5321a9e72294,
        type: 3}
      propertyPath: m_LocalRotation.y
      value: 0
      objectReference: {fileID: 0}
    - target: {fileID: -8679921383154817045, guid: 980e47f895d93594faae5321a9e72294,
        type: 3}
      propertyPath: m_LocalRotation.z
      value: 0
      objectReference: {fileID: 0}
    - target: {fileID: -8679921383154817045, guid: 980e47f895d93594faae5321a9e72294,
        type: 3}
      propertyPath: m_LocalRotation.w
      value: 0.99984777
      objectReference: {fileID: 0}
    - target: {fileID: -8679921383154817045, guid: 980e47f895d93594faae5321a9e72294,
        type: 3}
      propertyPath: m_RootOrder
      value: 1
      objectReference: {fileID: 0}
    - target: {fileID: -8679921383154817045, guid: 980e47f895d93594faae5321a9e72294,
        type: 3}
      propertyPath: m_LocalEulerAnglesHint.x
      value: -2
      objectReference: {fileID: 0}
    - target: {fileID: -8679921383154817045, guid: 980e47f895d93594faae5321a9e72294,
        type: 3}
      propertyPath: m_LocalEulerAnglesHint.y
      value: 0
      objectReference: {fileID: 0}
    - target: {fileID: -8679921383154817045, guid: 980e47f895d93594faae5321a9e72294,
        type: 3}
      propertyPath: m_LocalEulerAnglesHint.z
      value: 0
      objectReference: {fileID: 0}
    - target: {fileID: -7511558181221131132, guid: 980e47f895d93594faae5321a9e72294,
        type: 3}
      propertyPath: m_Materials.Array.data[0]
      value: 
      objectReference: {fileID: 2100000, guid: 24158ee53536c714c9065c09e640e2ed, type: 2}
    - target: {fileID: 919132149155446097, guid: 980e47f895d93594faae5321a9e72294,
        type: 3}
      propertyPath: m_Name
      value: cannon
      objectReference: {fileID: 0}
    m_RemovedComponents: []
  m_SourcePrefab: {fileID: 100100000, guid: 980e47f895d93594faae5321a9e72294, type: 3}
--- !u!4 &1018918692917891349 stripped
Transform:
  m_CorrespondingSourceObject: {fileID: -8679921383154817045, guid: 980e47f895d93594faae5321a9e72294,
    type: 3}
  m_PrefabInstance: {fileID: 696180364621461246}
  m_PrefabAsset: {fileID: 0}
--- !u!1001 &5744645050801795811
PrefabInstance:
  m_ObjectHideFlags: 0
  serializedVersion: 2
  m_Modification:
    m_TransformParent: {fileID: 4090379387089214577}
    m_Modifications:
    - target: {fileID: 2234847950314353807, guid: ad6826f788baedd4baebb86fdbacb18f,
        type: 3}
      propertyPath: m_Name
      value: FireShot
      objectReference: {fileID: 0}
    - target: {fileID: 2240210912556170323, guid: ad6826f788baedd4baebb86fdbacb18f,
        type: 3}
      propertyPath: m_LocalPosition.x
      value: 0
      objectReference: {fileID: 0}
    - target: {fileID: 2240210912556170323, guid: ad6826f788baedd4baebb86fdbacb18f,
        type: 3}
      propertyPath: m_LocalPosition.y
      value: 0
      objectReference: {fileID: 0}
    - target: {fileID: 2240210912556170323, guid: ad6826f788baedd4baebb86fdbacb18f,
        type: 3}
      propertyPath: m_LocalPosition.z
      value: 0
      objectReference: {fileID: 0}
    - target: {fileID: 2240210912556170323, guid: ad6826f788baedd4baebb86fdbacb18f,
        type: 3}
      propertyPath: m_LocalRotation.x
      value: 0
      objectReference: {fileID: 0}
    - target: {fileID: 2240210912556170323, guid: ad6826f788baedd4baebb86fdbacb18f,
        type: 3}
      propertyPath: m_LocalRotation.y
      value: 0
      objectReference: {fileID: 0}
    - target: {fileID: 2240210912556170323, guid: ad6826f788baedd4baebb86fdbacb18f,
        type: 3}
      propertyPath: m_LocalRotation.z
      value: 0
      objectReference: {fileID: 0}
    - target: {fileID: 2240210912556170323, guid: ad6826f788baedd4baebb86fdbacb18f,
        type: 3}
      propertyPath: m_LocalRotation.w
      value: 1
      objectReference: {fileID: 0}
    - target: {fileID: 2240210912556170323, guid: ad6826f788baedd4baebb86fdbacb18f,
        type: 3}
      propertyPath: m_RootOrder
      value: 0
      objectReference: {fileID: 0}
    - target: {fileID: 2240210912556170323, guid: ad6826f788baedd4baebb86fdbacb18f,
        type: 3}
      propertyPath: m_LocalEulerAnglesHint.x
      value: 0
      objectReference: {fileID: 0}
    - target: {fileID: 2240210912556170323, guid: ad6826f788baedd4baebb86fdbacb18f,
        type: 3}
      propertyPath: m_LocalEulerAnglesHint.y
      value: 0
      objectReference: {fileID: 0}
    - target: {fileID: 2240210912556170323, guid: ad6826f788baedd4baebb86fdbacb18f,
        type: 3}
      propertyPath: m_LocalEulerAnglesHint.z
      value: 0
      objectReference: {fileID: 0}
    m_RemovedComponents: []
  m_SourcePrefab: {fileID: 100100000, guid: ad6826f788baedd4baebb86fdbacb18f, type: 3}
--- !u!4 &5814085305990516400 stripped
Transform:
  m_CorrespondingSourceObject: {fileID: 2240210912556170323, guid: ad6826f788baedd4baebb86fdbacb18f,
    type: 3}
  m_PrefabInstance: {fileID: 5744645050801795811}
  m_PrefabAsset: {fileID: 0}
--- !u!198 &5944344882389953228 stripped
ParticleSystem:
  m_CorrespondingSourceObject: {fileID: 2145853148172687407, guid: ad6826f788baedd4baebb86fdbacb18f,
    type: 3}
  m_PrefabInstance: {fileID: 5744645050801795811}
  m_PrefabAsset: {fileID: 0}
--- !u!1001 &9023164448487752919
PrefabInstance:
  m_ObjectHideFlags: 0
  serializedVersion: 2
  m_Modification:
    m_TransformParent: {fileID: 6044057583678324832}
    m_Modifications:
    - target: {fileID: -8679921383154817045, guid: 32e9c51ab9ff27b459f058ab2b027779,
        type: 3}
      propertyPath: m_LocalPosition.x
      value: -0
      objectReference: {fileID: 0}
    - target: {fileID: -8679921383154817045, guid: 32e9c51ab9ff27b459f058ab2b027779,
        type: 3}
      propertyPath: m_LocalPosition.y
      value: 0
      objectReference: {fileID: 0}
    - target: {fileID: -8679921383154817045, guid: 32e9c51ab9ff27b459f058ab2b027779,
        type: 3}
      propertyPath: m_LocalPosition.z
      value: 0
      objectReference: {fileID: 0}
    - target: {fileID: -8679921383154817045, guid: 32e9c51ab9ff27b459f058ab2b027779,
        type: 3}
      propertyPath: m_LocalRotation.x
      value: 0
      objectReference: {fileID: 0}
    - target: {fileID: -8679921383154817045, guid: 32e9c51ab9ff27b459f058ab2b027779,
        type: 3}
      propertyPath: m_LocalRotation.y
      value: -0
      objectReference: {fileID: 0}
    - target: {fileID: -8679921383154817045, guid: 32e9c51ab9ff27b459f058ab2b027779,
        type: 3}
      propertyPath: m_LocalRotation.z
      value: -0
      objectReference: {fileID: 0}
    - target: {fileID: -8679921383154817045, guid: 32e9c51ab9ff27b459f058ab2b027779,
        type: 3}
      propertyPath: m_LocalRotation.w
      value: 1
      objectReference: {fileID: 0}
    - target: {fileID: -8679921383154817045, guid: 32e9c51ab9ff27b459f058ab2b027779,
        type: 3}
      propertyPath: m_RootOrder
      value: 0
      objectReference: {fileID: 0}
    - target: {fileID: -8679921383154817045, guid: 32e9c51ab9ff27b459f058ab2b027779,
        type: 3}
      propertyPath: m_LocalEulerAnglesHint.x
      value: 0
      objectReference: {fileID: 0}
    - target: {fileID: -8679921383154817045, guid: 32e9c51ab9ff27b459f058ab2b027779,
        type: 3}
      propertyPath: m_LocalEulerAnglesHint.y
      value: 0
      objectReference: {fileID: 0}
    - target: {fileID: -8679921383154817045, guid: 32e9c51ab9ff27b459f058ab2b027779,
        type: 3}
      propertyPath: m_LocalEulerAnglesHint.z
      value: 0
      objectReference: {fileID: 0}
    - target: {fileID: -7511558181221131132, guid: 32e9c51ab9ff27b459f058ab2b027779,
        type: 3}
      propertyPath: m_Materials.Array.data[1]
      value: 
      objectReference: {fileID: 2100000, guid: 24158ee53536c714c9065c09e640e2ed, type: 2}
    - target: {fileID: -7511558181221131132, guid: 32e9c51ab9ff27b459f058ab2b027779,
        type: 3}
      propertyPath: m_Materials.Array.data[0]
      value: 
      objectReference: {fileID: 2100000, guid: c0c80f0c0ec2dc4459e0c9043725fa2e, type: 2}
    - target: {fileID: 919132149155446097, guid: 32e9c51ab9ff27b459f058ab2b027779,
        type: 3}
      propertyPath: m_Name
      value: turret 1
      objectReference: {fileID: 0}
    m_RemovedComponents: []
  m_SourcePrefab: {fileID: 100100000, guid: 32e9c51ab9ff27b459f058ab2b027779, type: 3}
--- !u!4 &8841130389259330364 stripped
Transform:
  m_CorrespondingSourceObject: {fileID: -8679921383154817045, guid: 32e9c51ab9ff27b459f058ab2b027779,
    type: 3}
  m_PrefabInstance: {fileID: 9023164448487752919}
  m_PrefabAsset: {fileID: 0}
